@article{rosenblatt1958perceptron,
  title={The perceptron: a probabilistic model for information storage and organization in the brain.},
  author={Rosenblatt, Frank},
  journal={Psychological review},
  volume={65},
  number={6},
  pages={386},
  year={1958},
  publisher={American Psychological Association}
}

@article{birx1993complex,
  title={A complex mapping network for phase sensitive classification},
  author={Birx, Donald L and Pipenberg, Stephen J},
  journal={IEEE transactions on Neural Networks},
  volume={4},
  number={1},
  pages={127--135},
  year={1993},
  publisher={IEEE}
}

@article{sawada2003polar,
  title={Polar coordinate based nonlinear function for frequency-domain blind source separation},
  author={Sawada, Hiroshi and Mukai, Ryo and Araki, Shoko and Makino, Shoji},
  journal={IEICE Transactions on Fundamentals of Electronics, Communications and Computer Sciences},
  volume={86},
  number={3},
  pages={590--596},
  year={2003},
  publisher={The Institute of Electronics, Information and Communication Engineers}
}

@article{yamaki2008singular,
  title={Singular unit restoration in interferograms based on complex-valued Markov random field model for phase unwrapping},
  author={Yamaki, Ryo and Hirose, Akira},
  journal={IEEE Geoscience and Remote Sensing Letters},
  volume={6},
  number={1},
  pages={18--22},
  year={2008},
  publisher={IEEE}
}

@article{widrow1962generalization,
  title={Generalization and Information Storage in Networks of ADALINE Neurons. Self Organizing Systems},
  author={Widrow, Bernard},
  journal={Yovitz, MC, Jacobi, GT, and Goldstein, GD editors},
  pages={435--461},
  year={1962}
}

@article{widrow1975complex,
  title={The complex LMS algorithm},
  author={Widrow, Bernard and McCool, John and Ball, Michael},
  journal={Proceedings of the IEEE},
  volume={63},
  number={4},
  pages={719--720},
  year={1975},
  publisher={IEEE}
}

@inproceedings{brandwood1983complex,
  title={A complex gradient operator and its application in adaptive array theory},
  author={Brandwood, DH},
  booktitle={IEE Proceedings H-Microwaves, Optics and Antennas},
  volume={130},
  number={1},
  pages={11--16},
  year={1983},
  organization={IET}
}

@article{wirtinger1927formalen,
  title={Zur formalen theorie der funktionen von mehr komplexen ver{\"a}nderlichen},
  author={Wirtinger, Wilhelm},
  journal={Mathematische Annalen},
  volume={97},
  number={1},
  pages={357--375},
  year={1927},
  publisher={Springer}
}

@article{savitha2009new,
  title={A new learning algorithm with logarithmic performance index for complex-valued neural networks},
  author={Savitha, Ramaswamy and Suresh, Sundaram and Sundararajan, N and Saratchandran, P},
  journal={Neurocomputing},
  volume={72},
  number={16-18},
  pages={3771--3781},
  year={2009},
  publisher={Elsevier}
}

@inproceedings{hirose2009complex,
  title={Complex-valued neural networks: The merits and their origins},
  author={Hirose, Akira},
  booktitle={2009 International joint conference on neural networks},
  pages={1237--1244},
  year={2009},
  organization={IEEE}
}

@article{hansen1990neural,
  title={Neural network ensembles},
  author={Hansen, Lars Kai and Salamon, Peter},
  journal={IEEE Transactions on Pattern Analysis \& Machine Intelligence},
  number={10},
  pages={993--1001},
  year={1990},
  publisher={IEEE}
}

@article{guberman2016complex,
  title={On complex valued convolutional neural networks},
  author={Guberman, Nitzan},
  journal={arXiv preprint arXiv:1602.09046},
  year={2016}
}

@article{monning2018evaluation,
  title={Evaluation of Complex-Valued Neural Networks on Real-Valued Classification Tasks},
  author={M{\"o}nning, Nils and Manandhar, Suresh},
  journal={arXiv preprint arXiv:1811.12351},
  year={2018}
}

@article{trabelsi2017deep,
  title={Deep complex networks},
  author={Trabelsi, Chiheb and Bilaniuk, Olexa and Zhang, Ying and Serdyuk, Dmitriy and Subramanian, Sandeep and Santos, Jo{\~a}o Felipe and Mehri, Soroush and Rostamzadeh, Negar and Bengio, Yoshua and Pal, Christopher J},
  journal={arXiv preprint arXiv:1705.09792},
  year={2017}
}

@article{sarrof,
  title={Complex Neural Networks for Audio},
  author={Andy M. Sarroff},
  journal={boh},
  year={2018}
}

@incollection{soulie1987evaluation,
  title={EVALUATION OF NETWORK ARCHITECTURES ON TEST LEARNING TASKS.},
  author={Soulie, F Fogelman and Gallinari, P and Le Cun, Yann and Thiria, S},
  booktitle={Unknown Host Publication Title},
  year={1987},
  publisher={SOS Printing}
}

@article{clemen1989combining,
  title={Combining forecasts: A review and annotated bibliography},
  author={Clemen, Robert T},
  journal={International journal of forecasting},
  volume={5},
  number={4},
  pages={559--583},
  year={1989},
  publisher={Elsevier}
}

@article{wolpert1992stacked,
  title={Stacked generalization},
  author={Wolpert, David H},
  journal={Neural networks},
  volume={5},
  number={2},
  pages={241--259},
  year={1992},
  publisher={Elsevier}
}

@inproceedings{alpaydin1993multiple,
  title={Multiple networks for function learning},
  author={Alpaydin, Ethem},
  booktitle={IEEE International Conference on Neural Networks},
  pages={9--14},
  year={1993},
  organization={IEEE}
}

@incollection{drucker1994boosting,
  title={Boosting and other machine learning algorithms},
  author={Drucker, Harris and Cortes, Corinna and Jackel, Lawrence D and LeCun, Yann and Vapnik, Vladimir},
  booktitle={Machine Learning Proceedings 1994},
  pages={53--61},
  year={1994},
  publisher={Elsevier}
}

@inproceedings{krogh1995neural,
  title={Neural network ensembles, cross validation, and active learning},
  author={Krogh, Anders and Vedelsby, Jesper},
  booktitle={Advances in neural information processing systems},
  pages={231--238},
  year={1995}
}

@inproceedings{maclin1995combining,
  title={Combining the predictions of multiple classifiers: Using competitive learning to initialize neural networks},
  author={Maclin, Richard and Shavlik, Jude W and others},
  booktitle={IJCAI},
  pages={524--531},
  year={1995},
  organization={Citeseer}
}

@inproceedings{perrone1992soft,
  title={A soft-competitive splitting rule for adaptive tree-structured neural networks},
  author={Perrone, Michael P},
  booktitle={[Proceedings 1992] IJCNN International Joint Conference on Neural Networks},
  volume={3},
  pages={689--693},
  year={1992},
  organization={IEEE}
}

@inproceedings{lincoln1990synergy,
  title={Synergy of clustering multiple back propagation networks},
  author={Lincoln, William P and Skrzypek, Josef},
  booktitle={Advances in neural information processing systems},
  pages={650--657},
  year={1990}
}

@inproceedings{hashem1994optimal,
  title={Optimal linear combinations of neural networks: An overview},
  author={Hashem, Sherif and Schmeiser, Bruce and Yih, Yuehwern},
  booktitle={Proceedings of 1994 IEEE International Conference on Neural Networks (ICNN'94)},
  volume={3},
  pages={1507--1512},
  year={1994},
  organization={IEEE}
}

@incollection{opitz1994using,
  title={Using genetic search to refine knowledge-based neural networks},
  author={Opitz, David W and Shavlik, Jude W},
  booktitle={Machine Learning Proceedings 1994},
  pages={208--216},
  year={1994},
  publisher={Elsevier}
}

@article{towell1994knowledge,
  title={Knowledge-based artificial neural networks},
  author={Towell, Geoffrey G and Shavlik, Jude W},
  journal={Artificial intelligence},
  volume={70},
  number={1-2},
  pages={119--165},
  year={1994},
  publisher={Elsevier}
}

@phdthesis{opitz1995anytime,
  title={An anytime approach to connectionist theory refinement: refining the topologies of knowledge-based neural networks},
  author={Opitz, David William},
  year={1995},
  school={Citeseer}
}

@inproceedings{opitz1996generating,
  title={Generating accurate and diverse members of a neural-network ensemble},
  author={Opitz, David W and Shavlik, Jude W},
  booktitle={Advances in neural information processing systems},
  pages={535--541},
  year={1996}
}

@article{breiman1994bagging,
  title={Bagging predictors (Technical Report 421)},
  author={Breiman, Leo},
  journal={University of California, Berkeley},
  year={1994}
}

@article{lewicki1998review,
  title={A review of methods for spike sorting: the detection and classification of neural action potentials},
  author={Lewicki, Michael S},
  journal={Network: Computation in Neural Systems},
  volume={9},
  number={4},
  pages={R53--R78},
  year={1998},
  publisher={Taylor \& Francis}
}

@article{cai2019effective,
  title={Effective and efficient dropout for deep convolutional neural networks},
  author={Cai, Shaofeng and Gao, Jinyang and Zhang, Meihui and Wang, Wei and Chen, Gang and Ooi, Beng Chin},
  journal={arXiv preprint arXiv:1904.03392},
  year={2019}
}

@article{lee2019probact,
  title={ProbAct: A Probabilistic Activation Function for Deep Neural Networks},
  author={Lee, Joonho and Shridhar, Kumar and Hayashi, Hideaki and Iwana, Brian Kenji and Kang, Seokjun and Uchida, Seiichi},
  journal={arXiv preprint arXiv:1905.10761},
  year={2019}
}

@article{ramachandran2017searching,
  title={Searching for activation functions},
  author={Ramachandran, Prajit and Zoph, Barret and Le, Quoc V},
  journal={arXiv preprint arXiv:1710.05941},
  year={2017}
}

@article{hornik1989multilayer,
  title={Multilayer feedforward networks are universal approximators},
  author={Hornik, Kurt and Stinchcombe, Maxwell and White, Halbert},
  journal={Neural networks},
  volume={2},
  number={5},
  pages={359--366},
  year={1989},
  publisher={Elsevier}
}

@article{cohen2018mr,
  title={MR fingerprinting deep reconstruction network (DRONE)},
  author={Cohen, Ouri and Zhu, Bo and Rosen, Matthew S},
  journal={Magnetic resonance in medicine},
  volume={80},
  number={3},
  pages={885--894},
  year={2018},
  publisher={Wiley Online Library}
}

@article{abadi2016tensorflow,
  title={Tensorflow: Large-scale machine learning on heterogeneous distributed systems},
  author={Abadi, Mart{\'\i}n and Agarwal, Ashish and Barham, Paul and Brevdo, Eugene and Chen, Zhifeng and Citro, Craig and Corrado, Greg S and Davis, Andy and Dean, Jeffrey and Devin, Matthieu and others},
  journal={arXiv preprint arXiv:1603.04467},
  year={2016}
}

@inproceedings{virtue2017better,
  title={Better than real: Complex-valued neural nets for MRI fingerprinting},
  author={Virtue, Patrick and Stella, X Yu and Lustig, Michael},
  booktitle={2017 IEEE International Conference on Image Processing (ICIP)},
  pages={3953--3957},
  year={2017},
  organization={IEEE}
}

@article{georgiou1992complex,
  title={Complex domain backpropagation},
  author={Georgiou, George M and Koutsougeras, Cris},
  journal={IEEE transactions on Circuits and systems II: analog and digital signal processing},
  volume={39},
  number={5},
  pages={330--334},
  year={1992},
  publisher={IEEE}
}

@article{guberman2016complex,
  title={On complex valued convolutional neural networks},
  author={Guberman, Nitzan},
  journal={arXiv preprint arXiv:1602.09046},
  year={2016}
}

@article{gao2018enhanced,
  title={Enhanced radar imaging using a complex-valued convolutional neural network},
  author={Gao, Jingkun and Deng, Bin and Qin, Yuliang and Wang, Hongqiang and Li, Xiang},
  journal={IEEE Geoscience and Remote Sensing Letters},
  volume={16},
  number={1},
  pages={35--39},
  year={2018},
  publisher={IEEE}
}

@article{hochreiter1997long,
  title={Long short-term memory},
  author={Hochreiter, Sepp and Schmidhuber, J{\"u}rgen},
  journal={Neural computation},
  volume={9},
  number={8},
  pages={1735--1780},
  year={1997},
  publisher={MIT Press}
}

@article{scardapane2018complex,
  title={Complex-valued neural networks with nonparametric activation functions},
  author={Scardapane, Simone and Van Vaerenbergh, Steven and Hussain, Amir and Uncini, Aurelio},
  journal={IEEE Transactions on Emerging Topics in Computational Intelligence},
  year={2018},
  publisher={IEEE}
}
